<?xml version="1.0" encoding="UTF-8"?><record xmlns="http://www.loc.gov/MARC21/slim" xmlns:cinclude="http://apache.org/cocoon/include/1.0" xmlns:zs="http://www.loc.gov/zing/srw/">
  <leader>00775cz  a2200193n  4500</leader>
  <controlfield tag="001">no2007020262</controlfield>
  <controlfield tag="003">DLC</controlfield>
  <controlfield tag="005">20110513075155.0</controlfield>
  <controlfield tag="008">070222n| acannaabn          |b ana      </controlfield>
  <datafield tag="010" ind1=" " ind2=" ">
    <subfield code="a">no2007020262</subfield>
  </datafield>
  <datafield tag="035" ind1=" " ind2=" ">
    <subfield code="a">(OCoLC)oca07335772</subfield>
  </datafield>
  <datafield tag="040" ind1=" " ind2=" ">
    <subfield code="a">DLC-S</subfield>
    <subfield code="b">eng</subfield>
    <subfield code="c">DLC-S</subfield>
    <subfield code="d">OCoLC</subfield>
    <subfield code="d">IEN</subfield>
    <subfield code="d">DLC-S</subfield>
  </datafield>
  <datafield tag="110" ind1="2" ind2=" ">
    <subfield code="a">Nongŏp Hyŏptong Chohap Chunganghoe.</subfield>
    <subfield code="b">Chigwŏn Husaeng Chohap</subfield>
  </datafield>
  <datafield tag="410" ind1="2" ind2=" ">
    <subfield code="a">Nonghyŏp Chunganghoe Chigwŏn Husaeng Chohap</subfield>
  </datafield>
  <datafield tag="410" ind1="2" ind2=" ">
    <subfield code="a">농업협동조합중앙회.</subfield>
    <subfield code="b">직원후생조합</subfield>
  </datafield>
  <datafield tag="410" ind1="2" ind2=" ">
    <subfield code="a">농업 협동 조합 중앙회.</subfield>
    <subfield code="b">직원 후생 조합</subfield>
  </datafield>
  <datafield tag="667" ind1=" " ind2=" ">
    <subfield code="a">Machine-derived non-Latin script reference project.</subfield>
  </datafield>
  <datafield tag="667" ind1=" " ind2=" ">
    <subfield code="a">Non-Latin script reference not evaluated.</subfield>
  </datafield>
  <datafield tag="670" ind1=" " ind2=" ">
    <subfield code="a">Nonghyŏp pŏpkyujip, 1971:</subfield>
    <subfield code="b">t.p. (Nonghyŏp Chunganghoe Chigwŏn Husaeng Chohap)</subfield>
  </datafield>
</record>